@article{paper_1,
	author =       "Mohit Sewak and Sanjay K. Sahay and Hemant Rathore",
	title =        "Comparison of Deep Learning and the Classical Machine Learning Algorithm for the Malware Detection",
	journal =      "2018 19th IEEE/ACIS International Conference on Software Engineering, Artificial Intelligence, Networking and Parallel/Distributed Computing (SNPD)",
	pages =        "293-296",
	year =         "2018",
	DOI =          "10.1109/SNPD.2018.8441123"
}

@article{paper_2,
	author =       "Ali Al Zaabi and Djedjiga Mouheb",
	title =        "Android Malware Detection Using Static Features and Machine Learning",
	journal =      "2020 International Conference on Communications, Computing, Cybersecurity, and Informatics (CCCI)",
	pages =        "1â€“5",
	year =         "2020",
	DOI =          "10.1109/CCCI49893.2020.9256450"
}

@book{DataMiningbook,
	author    = "Jiawei Han and Micheline Kamber and Jian Pei",
	title     = "Data Mining: Concepts and Techniques (The Morgan Kaufmann Series in Data Management Systems)",
	year      = "c2012",
	edition	  = "3rd ed.",
	publisher = "Burlington, Mass. : Elseviern"
}

@misc{overleaf,
	author    = "Overleaf",
	title     = "Overleaf LaTeX tutorials",
	year      = "2023",
	url       = "https://www.overleaf.com/learn/latex/Tutorials"
}
