
@article{PTDP2022,
	author =       "Pipatphon Lapamonpinyo and Sybil Derrible and Francesco Corman",
	title =        "Real-Time Passenger Train Delay Prediction Using Machine Learning: A Case Study with Amtrak Passenger Train Routes",
	journal =      "IEEE Open Journal of Intelligent Transportation Systems",
	volume =       "3",
	number =       "",
	pages =        "539-550",
	year =         "2022",
	DOI =          "10.1109/OJITS.2022.3194879"
}

@book{latexcookbook,
	author    = "Stefan Kottwitz",
	title     = "LaTeX Cookbook: Over 90 hands-on recipes for quickly preparing LaTex documents to solve various challenging tasks",
	year      = "2015",
	publisher = "Packt Publishing",
	address   = "Birmingham"
}

@misc{overleaf,
	author    = "Overleaf",
	title     = "Overleaf LaTeX tutorials",
	year      = "2023",
	url       = "https://www.overleaf.com/learn/latex/Tutorials"
}
